@ONLINE {laurihartikka2017,
    author = "Lauri Hartikka",
    title  = "A step-by-step guide to building a simple chess AI",
    month  = "mar",
    year   = "2017",
    url    = "https://medium.freecodecamp.org/simple-chess-ai-step-by-step-1d55a9266977"
}
@ONLINE {lensstephane2009,
    author = "Lens Stephane",
    title  = "TicTacToe (Minimax \& Alpha-beta)",
    month  = "jun",
    year   = "2009",
    url    = "http://www.montefiore.ulg.ac.be/~lens/prolog/tutorials/tictactoe.pl"
}
@ONLINE {chessprogrammingcommunity,
    author = "chessprogramming community",
    title  = "Chessprogramming: Check",
    url    = "https://chessprogramming.wikispaces.com/Check"
}
@ONLINE {anneogborn2012,
    author = "Anne Ogborn",
    title  = "Using Definite Clause Grammars in SWI-Prolog",
    year   = "2012",
    url    = "http://www.pathwayslms.com/swipltuts/dcg/"
}
@ONLINE {markustriska,
    author = "Markus Triska",
    title  = "Prolog DCG Primer",
    url    = "https://www.metalevel.at/prolog/dcg"
}
@misc{wiki:Minimax,
   author = "Wikipedia",
   title = "{Minimax} --- {W}ikipedia{,} The Free Encyclopedia",
   year = "2018",
   howpublished = {\url{http://en.wikipedia.org/w/index.php?title=Minimax&oldid=844585602}},
   note = "[Online; accessed 25-June-2018]"
}
@misc{wiki:Alpha–beta_pruning,
   author = "Wikipedia",
   title = "{Alpha–beta pruning} --- {W}ikipedia{,} The Free Encyclopedia",
   year = "2018",
   howpublished = {\url{http://en.wikipedia.org/w/index.php?title=Alpha\%E2\%80\%93beta\%20pruning&oldid=842408774}},
   note = "[Online; accessed 25-June-2018]"
 }
